<record><leader>00000cas a22000007a 4500</leader><controlfield tag="001">16626349</controlfield><controlfield tag="008">870901d19421943inuer ne      0    0eng d</controlfield><datafield ind1=" " ind2=" " tag="010"><subfield code="a">sn 87056306 </subfield></datafield><datafield ind1=" " ind2=" " tag="040"><subfield code="a">NPI</subfield><subfield code="b">eng</subfield><subfield code="c">NPI</subfield><subfield code="d">OCLCQ</subfield></datafield><datafield ind1=" " ind2=" " tag="042"><subfield code="a">msc</subfield></datafield><datafield ind1="0" ind2="4" tag="245"><subfield code="a">The Stout Fielder.</subfield></datafield><datafield ind1=" " ind2=" " tag="260"><subfield code="a">Stout Field, Indianapolis, Ind. :</subfield><subfield code="b">Stout Fielder, Inc.,</subfield><subfield code="c">1942-1943.</subfield></datafield><datafield ind1=" " ind2=" " tag="310"><subfield code="a">Biweekly</subfield></datafield><datafield ind1="0" ind2=" " tag="362"><subfield code="a">Vol. 1, no. 1 (Dec. 24, 1942)-v. 1, no. 6 (Mar. 4, 1943).</subfield></datafield><datafield ind1=" " ind2=" " tag="500"><subfield code="a">"Produced by and for the personnel of Stout Field, I Troop Carrier Command-U.S. Army Air Forces."</subfield></datafield><datafield ind1=" " ind2=" " tag="752"><subfield code="a">United States</subfield><subfield code="b">Indiana</subfield><subfield code="c">Marion</subfield><subfield code="d">Indianapolis.</subfield></datafield><datafield ind1="0" ind2="0" tag="785"><subfield code="t">Fielder</subfield><subfield code="w">(DLC)sn 87056307</subfield></datafield></record>